<record><leader>00000cas a2200000 a 4500</leader><controlfield tag="001">12339476</controlfield><controlfield tag="008">850802d18uu1969iluwr ne      0   a0eng c</controlfield><datafield ind1=" " ind2=" " tag="010"><subfield code="a">sn 85033930 </subfield></datafield><datafield ind1=" " ind2=" " tag="040"><subfield code="a">NPU</subfield><subfield code="b">eng</subfield><subfield code="c">NPU</subfield><subfield code="d">NVF</subfield><subfield code="d">MGN</subfield><subfield code="d">OCL</subfield><subfield code="d">CVF</subfield><subfield code="d">NVF</subfield><subfield code="d">OCLCF</subfield><subfield code="d">NVF</subfield><subfield code="d">OCLCO</subfield></datafield><datafield ind1="1" ind2=" " tag="029"><subfield code="a">AU@</subfield><subfield code="b">000020234594</subfield></datafield><datafield ind1=" " ind2=" " tag="042"><subfield code="a">pcc</subfield></datafield><datafield ind1=" " ind2=" " tag="043"><subfield code="a">n-us-il</subfield></datafield><datafield ind1="0" ind2="4" tag="245"><subfield code="a">The Naperville clarion.</subfield></datafield><datafield ind1=" " ind2=" " tag="260"><subfield code="a">Naperville, Ill. :</subfield><subfield code="b">David B. Givler</subfield></datafield><datafield ind1=" " ind2=" " tag="300"><subfield code="a">v. ;</subfield><subfield code="c">61 cm.</subfield></datafield><datafield ind1=" " ind2=" " tag="310"><subfield code="a">Weekly</subfield></datafield><datafield ind1="0" ind2=" " tag="362"><subfield code="a">-107th yr., no. 2 (May 28, 1969).</subfield></datafield><datafield ind1=" " ind2=" " tag="588"><subfield code="a">Description based on: Vol. 7, no. 20 (Jan. 5, 1870).</subfield></datafield><datafield ind1=" " ind2="0" tag="651"><subfield code="a">Naperville (Ill.)</subfield><subfield code="v">Newspapers.</subfield></datafield><datafield ind1=" " ind2="7" tag="651"><subfield code="a">Illinois</subfield><subfield code="z">Naperville.</subfield><subfield code="2">fast</subfield><subfield code="0">(OCoLC)fst01211940</subfield></datafield><datafield ind1=" " ind2="7" tag="655"><subfield code="a">Newspapers.</subfield><subfield code="2">fast</subfield><subfield code="0">(OCoLC)fst01423814</subfield></datafield><datafield ind1=" " ind2=" " tag="752"><subfield code="a">United States</subfield><subfield code="b">Illinois</subfield><subfield code="c">DuPage</subfield><subfield code="d">Naperville.</subfield></datafield><datafield ind1="0" ind2="0" tag="780"><subfield code="t">Du Page County press</subfield><subfield code="w">(DLC)sn 94060561</subfield><subfield code="w">(OCoLC)31106107</subfield></datafield><datafield ind1="0" ind2="0" tag="785"><subfield code="t">Clarion graphic</subfield><subfield code="w">(DLC)sn2002060784</subfield><subfield code="w">(OCoLC)51043123</subfield></datafield></record>